@BOOK{opinions,
	author = {Peter Cooper and John Delivergos Zachos},
	title = {The political and financial opinions of Peter Cooper. With an autobiography of his early life},
	publisher = {Trows printing and bookbinding company},
	city = {New York},
	year = {1877}
}

% Optional fields: volume/number, series, address, edition, month, note
@BOOK{Key,
	author = {Rossiter Raymond},
	title = {Peter Cooper},
	publisher = {Houghton Mifflin},
	year = {1901}
}

% Optional fields: editor, volume/number, series, type, chapter, pages, address, edition, month, note
@INCOLLECTION{charter1,
	author = {Peter Cooper and The Legislature of New York},
	title = {{The Peter Cooper Union}},
	editor = {Henry Barnard},
	volume = 4,
	number = 10,
	booktitle = {American Journal of Education}, 
	publisher = {Congress},
	year = {1857}
}

% Optional fields: editor, volume/number, series, address, month, publisher, organization, note
@PROCEEDINGS{charter2,
	title = {Charter of The Cooper Union for the Advancement Of Science And Art},
	year = {1859}
}

% Optional fields: volume/number, series, address, edition, month, note
@BOOK{lincoln,
	author = {Harold Holzer},
	title = {Cooper Union: The Speech That Made Abraham Lincoln President.},
	publisher = {Simon \& Schuster Lincoln Library},
	year = {2006}
}

% Optional fields: volume, number, pages, month, note
@periodical{nytimes,
	title = {{Peter Cooper's Funeral}},
	organization = {The New York Times},
	month = {April},
	year = {1883}
}